<?xml version="1.0" encoding="UTF-8"?><record xmlns="http://www.loc.gov/MARC21/slim" xmlns:cinclude="http://apache.org/cocoon/include/1.0" xmlns:zs="http://www.loc.gov/zing/srw/">
  <leader>00355nz  a2200133n  4500</leader>
  <controlfield tag="001">no2012031205</controlfield>
  <controlfield tag="003">DLC</controlfield>
  <controlfield tag="005">20120304075112.0</controlfield>
  <controlfield tag="008">120302n| acannaabn          |n aaa     c</controlfield>
  <datafield tag="010" ind1=" " ind2=" ">
    <subfield code="a">no2012031205</subfield>
  </datafield>
  <datafield tag="035" ind1=" " ind2=" ">
    <subfield code="a">(OCoLC)oca09132680</subfield>
  </datafield>
  <datafield tag="040" ind1=" " ind2=" ">
    <subfield code="a">Nc</subfield>
    <subfield code="b">eng</subfield>
    <subfield code="c">Nc</subfield>
  </datafield>
  <datafield tag="100" ind1="1" ind2=" ">
    <subfield code="a">Otts, Chloe Hankins</subfield>
  </datafield>
  <datafield tag="670" ind1=" " ind2=" ">
    <subfield code="a">Descendants of William Otts, 1989:</subfield>
    <subfield code="b">t.p. (Chloe Hankins Otts)</subfield>
  </datafield>
</record>